<?xml version = "1.0" encoding = "UTF-8"?><record>
  <leader>03144nas#a22007331ca4500</leader>
  <controlfield tag="005">20210109201359.0</controlfield>
  <controlfield tag="007">tu</controlfield>
  <controlfield tag="008">991118m19859999xxum|#p#######|####|eng#c</controlfield>
  <controlfield tag="001">990054251470206441</controlfield>
  <datafield tag="016" ind1="7" ind2=" ">
    <subfield code="a">630240262</subfield>
    <subfield code="2">OCoLC</subfield>
  </datafield>
  <datafield tag="016" ind1="7" ind2=" ">
    <subfield code="a">010469427</subfield>
    <subfield code="2">DE-101b</subfield>
  </datafield>
  <datafield tag="016" ind1="7" ind2=" ">
    <subfield code="a">53502-3</subfield>
    <subfield code="2">DE-600</subfield>
  </datafield>
  <datafield tag="022" ind1=" " ind2=" ">
    <subfield code="a">0026-0665</subfield>
    <subfield code="0">(uri) http://worldcat.org/issn/0026-0665</subfield>
  </datafield>
  <datafield tag="022" ind1=" " ind2=" ">
    <subfield code="a">0882-7958</subfield>
    <subfield code="0">(uri) http://worldcat.org/issn/0882-7958</subfield>
  </datafield>
  <datafield tag="022" ind1=" " ind2=" ">
    <subfield code="a">0891-642X</subfield>
    <subfield code="0">(uri) http://worldcat.org/issn/0891-642X</subfield>
  </datafield>
  <datafield tag="035" ind1=" " ind2=" ">
    <subfield code="a">(DE-605)HT002848623</subfield>
  </datafield>
  <datafield tag="035" ind1=" " ind2=" ">
    <subfield code="a">(OCoLC)630240262</subfield>
    <subfield code="0">(uri) http://www.worldcat.org/oclc/630240262</subfield>
  </datafield>
  <datafield tag="035" ind1=" " ind2=" ">
    <subfield code="a">(DE-600)53502-3</subfield>
  </datafield>
  <datafield tag="035" ind1=" " ind2=" ">
    <subfield code="a">(DE-599)ZDB53502-3</subfield>
  </datafield>
  <datafield tag="040" ind1=" " ind2=" ">
    <subfield code="a">9001</subfield>
    <subfield code="b">ger</subfield>
    <subfield code="c">DNB</subfield>
    <subfield code="d">9001</subfield>
    <subfield code="e">rakwb</subfield>
  </datafield>
  <datafield tag="041" ind1=" " ind2=" ">
    <subfield code="a">eng</subfield>
  </datafield>
  <datafield tag="044" ind1=" " ind2=" ">
    <subfield code="c">XD-US</subfield>
  </datafield>
  <datafield tag="084" ind1=" " ind2=" ">
    <subfield code="a">670</subfield>
    <subfield code="q">DE-600</subfield>
    <subfield code="2">zdbs</subfield>
  </datafield>
  <datafield tag="084" ind1=" " ind2=" ">
    <subfield code="a">WER 001z ; WER 100z</subfield>
    <subfield code="2">stub</subfield>
  </datafield>
  <datafield tag="084" ind1=" " ind2=" ">
    <subfield code="a">950</subfield>
    <subfield code="q">DE-600</subfield>
    <subfield code="2">zdbs</subfield>
  </datafield>
  <datafield tag="245" ind1="0" ind2="0">
    <subfield code="a">Advanced materials &amp; processes</subfield>
    <subfield code="b">AMP</subfield>
    <subfield code="c">publ. by ASM International</subfield>
  </datafield>
  <datafield tag="246" ind1="3" ind2=" ">
    <subfield code="a">ASM news</subfield>
  </datafield>
  <datafield tag="246" ind1="3" ind2=" ">
    <subfield code="a">Heat treating extra</subfield>
  </datafield>
  <datafield tag="246" ind1="3" ind2=" ">
    <subfield code="a">Heat treating progress</subfield>
  </datafield>
  <datafield tag="246" ind1="3" ind2=" ">
    <subfield code="a">MPMD</subfield>
  </datafield>
  <datafield tag="246" ind1="3" ind2=" ">
    <subfield code="a">Testing buyers guide</subfield>
  </datafield>
  <datafield tag="246" ind1="3" ind2=" ">
    <subfield code="a">AMP</subfield>
  </datafield>
  <datafield tag="264" ind1=" " ind2="1">
    <subfield code="a">Materials Park, Ohio</subfield>
    <subfield code="b">ASM</subfield>
    <subfield code="c">1985-</subfield>
  </datafield>
  <datafield tag="264" ind1=" " ind2="1">
    <subfield code="a">Metals Park, Ohio</subfield>
    <subfield code="b">ASM</subfield>
    <subfield code="c">anfangs</subfield>
  </datafield>
  <datafield tag="362" ind1="0" ind2=" ">
    <subfield code="a">1.1985 - 2.1986,9; 130.1986,4(Okt.) -</subfield>
  </datafield>
  <datafield tag="363" ind1="0" ind2="1">
    <subfield code="8">1.1\x</subfield>
    <subfield code="i">1985</subfield>
  </datafield>
  <datafield tag="500" ind1=" " ind2=" ">
    <subfield code="a">Anfangs ohne Zusatz</subfield>
    <subfield code="9">F:507</subfield>
  </datafield>
  <datafield tag="501" ind1=" " ind2=" ">
    <subfield code="a">Darin ab 145.1994: ASM news; 145.1994 - 146.1994 teils ungez&#228;hlte Beil., teils darin: Heat treating extra; ungez&#228;hlte Beil. ab 147.1995: Heat treating progress; ab 159.2001: Testing buyers guide; ab 2008: MPMD</subfield>
  </datafield>
  <datafield tag="515" ind1=" " ind2=" ">
    <subfield code="a">Ab 1986 die Jg.-Z&#228;hlung von &quot;Metal progress&quot; &#252;bernommen</subfield>
  </datafield>
  <datafield tag="591" ind1=" " ind2=" ">
    <subfield code="a">C!</subfield>
  </datafield>
  <datafield tag="689" ind1="0" ind2="0">
    <subfield code="a">Hochleistungswerkstoff</subfield>
    <subfield code="D">s</subfield>
    <subfield code="0">(DE-588)4312250-4</subfield>
    <subfield code="0">(uri) https://portal.dnb.de/opac.htm?method=simpleSearch&amp;cqlMode=true&amp;query=idn=043122507</subfield>
    <subfield code="0">(uri) http://viaf.org/viaf/sourceID/DNB|043122507</subfield>
    <subfield code="B">GND-043122507</subfield>
  </datafield>
  <datafield tag="689" ind1="0" ind2="1">
    <subfield code="a">Zeitschrift</subfield>
    <subfield code="D">s</subfield>
    <subfield code="0">(DE-588)4067488-5</subfield>
    <subfield code="0">(uri) https://portal.dnb.de/opac.htm?method=simpleSearch&amp;cqlMode=true&amp;query=idn=040674886</subfield>
    <subfield code="0">(uri) http://viaf.org/viaf/sourceID/DNB|040674886</subfield>
  </datafield>
  <datafield tag="689" ind1="0" ind2=" ">
    <subfield code="5">DE-600DE-600</subfield>
  </datafield>
  <datafield tag="689" ind1="1" ind2="0">
    <subfield code="a">Metall</subfield>
    <subfield code="D">s</subfield>
    <subfield code="0">(DE-588)4038860-8</subfield>
    <subfield code="0">(uri) https://portal.dnb.de/opac.htm?method=simpleSearch&amp;cqlMode=true&amp;query=idn=040388603</subfield>
    <subfield code="0">(uri) http://viaf.org/viaf/sourceID/DNB|040388603</subfield>
    <subfield code="B">GND-040388603</subfield>
  </datafield>
  <datafield tag="689" ind1="1" ind2="1">
    <subfield code="a">Zeitschrift</subfield>
    <subfield code="D">s</subfield>
    <subfield code="0">(DE-588)4067488-5</subfield>
    <subfield code="0">(uri) https://portal.dnb.de/opac.htm?method=simpleSearch&amp;cqlMode=true&amp;query=idn=040674886</subfield>
    <subfield code="0">(uri) http://viaf.org/viaf/sourceID/DNB|040674886</subfield>
  </datafield>
  <datafield tag="689" ind1="1" ind2=" ">
    <subfield code="5">DE-600DE-600</subfield>
  </datafield>
  <datafield tag="710" ind1="2" ind2=" ">
    <subfield code="a">ASM International</subfield>
    <subfield code="0">(DE-588)5013969-1</subfield>
    <subfield code="4">oth</subfield>
    <subfield code="0">(uri) https://portal.dnb.de/opac.htm?method=simpleSearch&amp;cqlMode=true&amp;query=idn=05013969X</subfield>
    <subfield code="0">(uri) http://viaf.org/viaf/sourceID/DNB|05013969X</subfield>
    <subfield code="B">GND-05013969X</subfield>
  </datafield>
  <datafield tag="770" ind1="0" ind2="8">
    <subfield code="i">Darin ---&gt;</subfield>
    <subfield code="t">Thermal spray buyer&apos;s guide</subfield>
    <subfield code="w">(DE-605)HT006400845</subfield>
  </datafield>
  <datafield tag="770" ind1="0" ind2="8">
    <subfield code="i">Darin ---&gt;</subfield>
    <subfield code="t">Testing buyers guide</subfield>
    <subfield code="w">(DE-605)HT006524319</subfield>
  </datafield>
  <datafield tag="770" ind1="0" ind2="8">
    <subfield code="i">Darin ---&gt;</subfield>
    <subfield code="t">ASM International: Annual report of ASM International</subfield>
    <subfield code="w">(DE-605)HT007267105</subfield>
  </datafield>
  <datafield tag="770" ind1="0" ind2="8">
    <subfield code="i">Darin ---&gt;</subfield>
    <subfield code="t">Heat Treating Society: HTS answers</subfield>
    <subfield code="w">(DE-605)HT007357971</subfield>
  </datafield>
  <datafield tag="770" ind1="0" ind2="8">
    <subfield code="i">Darin ---&gt;</subfield>
    <subfield code="t">ASM International: ASM International annual report</subfield>
    <subfield code="w">(DE-605)HT008500194</subfield>
  </datafield>
  <datafield tag="770" ind1="0" ind2="8">
    <subfield code="i">Bis 1988 special issue ---&gt;</subfield>
    <subfield code="t">Guide to engineered materials</subfield>
    <subfield code="w">(DE-605)HT006903007</subfield>
  </datafield>
  <datafield tag="770" ind1="0" ind2="8">
    <subfield code="i">Suppl. ---&gt;</subfield>
    <subfield code="t">Directory of materials property databases</subfield>
    <subfield code="w">(DE-605)HT013014125</subfield>
  </datafield>
  <datafield tag="770" ind1="0" ind2="8">
    <subfield code="i">Suppl. ---&gt;</subfield>
    <subfield code="t">Heat treating progress</subfield>
    <subfield code="w">(DE-605)HT013574365</subfield>
  </datafield>
  <datafield tag="770" ind1="0" ind2="8">
    <subfield code="i">Darin ---&gt;</subfield>
    <subfield code="t">International thermal spray &amp; surface engineering</subfield>
    <subfield code="w">(DE-605)HT014915234</subfield>
  </datafield>
  <datafield tag="770" ind1="0" ind2="8">
    <subfield code="i">Special issue ---&gt;</subfield>
    <subfield code="t">Guide to selecting engineered materials</subfield>
    <subfield code="w">(DE-605)HT006903026</subfield>
  </datafield>
  <datafield tag="775" ind1="0" ind2="8">
    <subfield code="i">Online-Ausg. ---&gt;</subfield>
    <subfield code="t">Advanced materials &amp; processes</subfield>
    <subfield code="w">(DE-605)HT012978985</subfield>
  </datafield>
  <datafield tag="780" ind1="0" ind2="0">
    <subfield code="i">Darin aufgeg. ---&gt;</subfield>
    <subfield code="t">Metal progress</subfield>
    <subfield code="w">(DE-605)HT002201428</subfield>
  </datafield>
  <datafield tag="787" ind1="0" ind2="8">
    <subfield code="i">156,6=[N.S. 1]; 158,6=[N.S.] 2 von</subfield>
    <subfield code="t">Guide to engineered materials</subfield>
    <subfield code="w">(DE-605)HT006903007</subfield>
  </datafield>
  <datafield tag="787" ind1="0" ind2="8">
    <subfield code="i">137,6=5 von</subfield>
    <subfield code="t">Guide to selecting engineered materials</subfield>
    <subfield code="w">(DE-605)HT006903026</subfield>
  </datafield>
  <datafield tag="964" ind1="0" ind2="s">
    <subfield code="F">030</subfield>
    <subfield code="A">b|zucz|z|||37</subfield>
  </datafield>
  <datafield tag="964" ind1="0" ind2="s">
    <subfield code="F">050</subfield>
    <subfield code="A">a|a|||||||||||</subfield>
  </datafield>
  <datafield tag="964" ind1="0" ind2="s">
    <subfield code="F">052</subfield>
    <subfield code="A">p||||||zm||||||</subfield>
  </datafield>
  <datafield tag="MBD" ind1=" " ind2=" ">
    <subfield code="M">49HBZ_NETWORK</subfield>
    <subfield code="i">990054251470206441</subfield>
    <subfield code="n">HBZ Network</subfield>
  </datafield>
  <datafield tag="MBD" ind1=" " ind2=" ">
    <subfield code="M">49HBZ_UBD</subfield>
    <subfield code="i">991009448749706445</subfield>
    <subfield code="n">Technische Universit&#228;t Dortmund</subfield>
  </datafield>
  <datafield tag="500" ind1=" " ind2=" ">
    <subfield code="a">Anfangs ohne Zusatz</subfield>
    <subfield code="9">F:507</subfield>
    <subfield code="M">49HBZ_UBD</subfield>
  </datafield>
  <datafield tag="980" ind1="1" ind2=" ">
    <subfield code="e">HBZ</subfield>
    <subfield code="9">LOCAL</subfield>
    <subfield code="M">49HBZ_UBD</subfield>
  </datafield>
  <datafield tag="981" ind1=" " ind2=" ">
    <subfield code="a">(DE-290)297647</subfield>
    <subfield code="9">LOCAL</subfield>
    <subfield code="M">49HBZ_UBD</subfield>
  </datafield>
  <datafield tag="997" ind1=" " ind2=" ">
    <subfield code="a">19990727</subfield>
    <subfield code="9">LOCAL</subfield>
    <subfield code="M">49HBZ_UBD</subfield>
  </datafield>
  <datafield tag="MBD" ind1=" " ind2=" ">
    <subfield code="M">49HBZ_UDE</subfield>
    <subfield code="i">990004714960206446</subfield>
    <subfield code="n">Universit&#228;t Duisburg-Essen</subfield>
  </datafield>
  <datafield tag="500" ind1=" " ind2=" ">
    <subfield code="a">Anfangs ohne Zusatz</subfield>
    <subfield code="9">F:507</subfield>
    <subfield code="M">49HBZ_UDE</subfield>
  </datafield>
  <datafield tag="MNG" ind1=" " ind2=" ">
    <subfield code="c">System</subfield>
    <subfield code="f">ILS</subfield>
    <subfield code="i">marc21</subfield>
    <subfield code="k">01</subfield>
    <subfield code="e">false</subfield>
    <subfield code="d">2021-01-09 20:13:59 Europe/Berlin</subfield>
    <subfield code="g">005425147-HBZ01</subfield>
    <subfield code="j">90</subfield>
    <subfield code="a">import</subfield>
    <subfield code="b">2020-11-22 22:22:28 Europe/Berlin</subfield>
  </datafield>
  <datafield tag="H16" ind1="7" ind2=" ">
    <subfield code="a">53502-3</subfield>
    <subfield code="2">DE-600</subfield>
    <subfield code="8">2293736850006445</subfield>
  </datafield>
  <datafield tag="H35" ind1=" " ind2=" ">
    <subfield code="a">(DE-600)004571347</subfield>
    <subfield code="8">2293736850006445</subfield>
  </datafield>
  <datafield tag="H35" ind1=" " ind2=" ">
    <subfield code="a">(DE-290)004571347-49hbz_ubd</subfield>
    <subfield code="8">2293736850006445</subfield>
  </datafield>
  <datafield tag="H92" ind1=" " ind2=" ">
    <subfield code="a">463000-2</subfield>
    <subfield code="d">290</subfield>
    <subfield code="k">NRW</subfield>
    <subfield code="l">a</subfield>
    <subfield code="o">c</subfield>
    <subfield code="8">2293736850006445</subfield>
  </datafield>
  <datafield tag="H52" ind1=" " ind2=" ">
    <subfield code="b">ZB</subfield>
    <subfield code="c">ZS</subfield>
    <subfield code="8">1</subfield>
    <subfield code="h">ZW 176</subfield>
    <subfield code="9">00</subfield>
    <subfield code="8">2293736850006445</subfield>
  </datafield>
  <datafield tag="H59" ind1="0" ind2="0">
    <subfield code="8">1.1\x</subfield>
    <subfield code="a">1</subfield>
    <subfield code="i">1985</subfield>
    <subfield code="8">2293736850006445</subfield>
  </datafield>
  <datafield tag="H59" ind1="1" ind2="0">
    <subfield code="8">1.2\x</subfield>
    <subfield code="a">2</subfield>
    <subfield code="i">1986</subfield>
    <subfield code="8">2293736850006445</subfield>
  </datafield>
  <datafield tag="H59" ind1="0" ind2="0">
    <subfield code="8">2.1\x</subfield>
    <subfield code="a">130</subfield>
    <subfield code="i">1986</subfield>
    <subfield code="8">2293736850006445</subfield>
  </datafield>
  <datafield tag="H59" ind1="1" ind2="0">
    <subfield code="8">2.2\x</subfield>
    <subfield code="a">156</subfield>
    <subfield code="i">1999</subfield>
    <subfield code="8">2293736850006445</subfield>
  </datafield>
  <datafield tag="H66" ind1="3" ind2="0">
    <subfield code="a">1.1985 - 2.1986,9; 130.1986,4 - 156.1999</subfield>
    <subfield code="8">2293736850006445</subfield>
  </datafield>
  <datafield tag="HOL" ind1=" " ind2=" ">
    <subfield code="b">2020-11-26 20:27:07</subfield>
    <subfield code="8">2293736850006445</subfield>
    <subfield code="M">49HBZ_UBD</subfield>
    <subfield code="g">false</subfield>
    <subfield code="a">import</subfield>
  </datafield>
  <datafield tag="H16" ind1="7" ind2=" ">
    <subfield code="a">53502-3</subfield>
    <subfield code="2">DE-600</subfield>
    <subfield code="8">22162705560006446</subfield>
  </datafield>
  <datafield tag="H35" ind1=" " ind2=" ">
    <subfield code="a">(DE-600)004571398</subfield>
    <subfield code="8">22162705560006446</subfield>
  </datafield>
  <datafield tag="H92" ind1=" " ind2=" ">
    <subfield code="a">411000-6</subfield>
    <subfield code="k">NRW</subfield>
    <subfield code="l">a</subfield>
    <subfield code="o">b</subfield>
    <subfield code="p">x</subfield>
    <subfield code="8">22162705560006446</subfield>
  </datafield>
  <datafield tag="H52" ind1="8" ind2="1">
    <subfield code="a">DE-464</subfield>
    <subfield code="b">D0001</subfield>
    <subfield code="c">D30</subfield>
    <subfield code="h">91 Z 344</subfield>
    <subfield code="8">22162705560006446</subfield>
  </datafield>
  <datafield tag="H66" ind1=" " ind2="0">
    <subfield code="a">- Beil. &quot;Heat treating progress&quot; zu</subfield>
    <subfield code="z">Angeb. an d. Hauptzeitschr.</subfield>
    <subfield code="8">22162705560006446</subfield>
  </datafield>
  <datafield tag="H66" ind1="3" ind2="0">
    <subfield code="a">147.1995 - 156.1999</subfield>
    <subfield code="8">22162705560006446</subfield>
  </datafield>
  <datafield tag="HOL" ind1=" " ind2=" ">
    <subfield code="b">2020-11-17 19:13:37</subfield>
    <subfield code="8">22162705560006446</subfield>
    <subfield code="M">49HBZ_UDE</subfield>
    <subfield code="g">false</subfield>
    <subfield code="a">import</subfield>
  </datafield>
  <datafield tag="H16" ind1="7" ind2=" ">
    <subfield code="a">53502-3</subfield>
    <subfield code="2">DE-600</subfield>
    <subfield code="8">22162705570006446</subfield>
  </datafield>
  <datafield tag="H35" ind1=" " ind2=" ">
    <subfield code="a">(DE-600)00457138X</subfield>
    <subfield code="8">22162705570006446</subfield>
  </datafield>
  <datafield tag="H92" ind1=" " ind2=" ">
    <subfield code="a">411000-6</subfield>
    <subfield code="k">NRW</subfield>
    <subfield code="l">a</subfield>
    <subfield code="o">b</subfield>
    <subfield code="p">x</subfield>
    <subfield code="8">22162705570006446</subfield>
  </datafield>
  <datafield tag="H52" ind1="8" ind2="1">
    <subfield code="a">DE-464</subfield>
    <subfield code="b">D0001</subfield>
    <subfield code="c">D30</subfield>
    <subfield code="h">91 Z 344</subfield>
    <subfield code="8">22162705570006446</subfield>
  </datafield>
  <datafield tag="H66" ind1=" " ind2="0">
    <subfield code="a">- Beil. &quot;Heat treating extra&quot; zu</subfield>
    <subfield code="z">Angeb. an d. Hauptzeitschr.</subfield>
    <subfield code="8">22162705570006446</subfield>
  </datafield>
  <datafield tag="H66" ind1="3" ind2="0">
    <subfield code="a">145.1994 - 146.1994</subfield>
    <subfield code="8">22162705570006446</subfield>
  </datafield>
  <datafield tag="HOL" ind1=" " ind2=" ">
    <subfield code="b">2020-11-17 19:13:37</subfield>
    <subfield code="8">22162705570006446</subfield>
    <subfield code="M">49HBZ_UDE</subfield>
    <subfield code="g">false</subfield>
    <subfield code="a">import</subfield>
  </datafield>
  <datafield tag="H16" ind1="7" ind2=" ">
    <subfield code="a">53502-3</subfield>
    <subfield code="2">DE-600</subfield>
    <subfield code="8">22162705740006446</subfield>
  </datafield>
  <datafield tag="H35" ind1=" " ind2=" ">
    <subfield code="a">(DE-600)004571371</subfield>
    <subfield code="8">22162705740006446</subfield>
  </datafield>
  <datafield tag="H92" ind1=" " ind2=" ">
    <subfield code="a">411000-6</subfield>
    <subfield code="k">NRW</subfield>
    <subfield code="l">a</subfield>
    <subfield code="o">b</subfield>
    <subfield code="p">x</subfield>
    <subfield code="8">22162705740006446</subfield>
  </datafield>
  <datafield tag="H52" ind1="8" ind2="1">
    <subfield code="a">DE-464</subfield>
    <subfield code="b">D0001</subfield>
    <subfield code="c">D30</subfield>
    <subfield code="h">91 Z 344</subfield>
    <subfield code="8">22162705740006446</subfield>
  </datafield>
  <datafield tag="H59" ind1="0" ind2="0">
    <subfield code="8">1.1\x</subfield>
    <subfield code="a">130</subfield>
    <subfield code="i">1986</subfield>
    <subfield code="8">22162705740006446</subfield>
  </datafield>
  <datafield tag="H59" ind1="1" ind2="0">
    <subfield code="8">1.2\x</subfield>
    <subfield code="a">172</subfield>
    <subfield code="i">2014</subfield>
    <subfield code="8">22162705740006446</subfield>
  </datafield>
  <datafield tag="H59" ind1="0" ind2="0">
    <subfield code="8">2.1\x</subfield>
    <subfield code="a">173</subfield>
    <subfield code="i">2015</subfield>
    <subfield code="8">22162705740006446</subfield>
  </datafield>
  <datafield tag="H59" ind1="1" ind2="0">
    <subfield code="8">2.2\x</subfield>
    <subfield code="a">174</subfield>
    <subfield code="i">2016</subfield>
    <subfield code="8">22162705740006446</subfield>
  </datafield>
  <datafield tag="H66" ind1="3" ind2="0">
    <subfield code="a">130.1986,4(Okt.) - 172.2014,8(Aug.); 173.2015 - 174.2016</subfield>
    <subfield code="8">22162705740006446</subfield>
  </datafield>
  <datafield tag="HOL" ind1=" " ind2=" ">
    <subfield code="b">2020-11-17 19:13:37</subfield>
    <subfield code="8">22162705740006446</subfield>
    <subfield code="M">49HBZ_UDE</subfield>
    <subfield code="g">false</subfield>
    <subfield code="a">import</subfield>
  </datafield>
  <datafield tag="ITM" ind1=" " ind2=" ">
    <subfield code="H">22162705740006446</subfield>
    <subfield code="x">D30</subfield>
    <subfield code="f">ISSBD</subfield>
    <subfield code="v">D30</subfield>
    <subfield code="p">30</subfield>
    <subfield code="X">System</subfield>
    <subfield code="U">2007-01-29 10:59:00</subfield>
    <subfield code="Y">2021-04-07 16:08:19</subfield>
    <subfield code="h">false</subfield>
    <subfield code="e">00002</subfield>
    <subfield code="n">91Z344_d</subfield>
    <subfield code="P">20/a//</subfield>
    <subfield code="j">1-12</subfield>
    <subfield code="i">165</subfield>
    <subfield code="k">2007</subfield>
    <subfield code="M">49HBZ_UDE</subfield>
    <subfield code="s">1</subfield>
    <subfield code="d">8</subfield>
    <subfield code="V">import</subfield>
    <subfield code="F">+R(Kopie)=RG</subfield>
    <subfield code="L">alle (f) ZsB (z.B&quot;ASM news&quot;;&quot;Testing buyers guide&quot;;&quot;ASM annual report&quot;) -Kat.A (aber mitbinden)#</subfield>
    <subfield code="b">881163-1340</subfield>
    <subfield code="a">23162705680006446</subfield>
    <subfield code="t">8</subfield>
    <subfield code="c">91 Z 344</subfield>
    <subfield code="q">Bd. 165 (2007)</subfield>
    <subfield code="W">2020-11-17 19:13:37</subfield>
    <subfield code="u">D0001</subfield>
    <subfield code="w">D0001</subfield>
  </datafield>
  <datafield tag="ITM" ind1=" " ind2=" ">
    <subfield code="H">22162705740006446</subfield>
    <subfield code="x">D30</subfield>
    <subfield code="f">ISSBD</subfield>
    <subfield code="v">D30</subfield>
    <subfield code="p">30</subfield>
    <subfield code="X">System</subfield>
    <subfield code="U">2008-02-11 10:59:00</subfield>
    <subfield code="Y">2021-04-07 16:08:18</subfield>
    <subfield code="h">false</subfield>
    <subfield code="e">00002</subfield>
    <subfield code="n">91Z344_d</subfield>
    <subfield code="P">20/a//</subfield>
    <subfield code="j">1-12</subfield>
    <subfield code="i">166</subfield>
    <subfield code="k">2008</subfield>
    <subfield code="M">49HBZ_UDE</subfield>
    <subfield code="s">1</subfield>
    <subfield code="d">8</subfield>
    <subfield code="V">import</subfield>
    <subfield code="F">oR</subfield>
    <subfield code="L">alle (f) ZsB (z.B&quot;ASM news&quot;;&quot;Testing buyers guide&quot;;&quot;ASM annual report&quot;) -Kat.A (aber mitbinden)#</subfield>
    <subfield code="b">881163-1480</subfield>
    <subfield code="a">23162705670006446</subfield>
    <subfield code="t">8</subfield>
    <subfield code="c">91 Z 344</subfield>
    <subfield code="q">Bd. 166 (2008)</subfield>
    <subfield code="W">2020-11-17 19:13:37</subfield>
    <subfield code="u">D0001</subfield>
    <subfield code="w">D0001</subfield>
  </datafield>
  <datafield tag="ITM" ind1=" " ind2=" ">
    <subfield code="H">22162705740006446</subfield>
    <subfield code="x">D30</subfield>
    <subfield code="f">ISSBD</subfield>
    <subfield code="v">D30</subfield>
    <subfield code="p">30</subfield>
    <subfield code="X">System</subfield>
    <subfield code="U">2016-02-02 10:59:00</subfield>
    <subfield code="Y">2021-04-07 16:08:18</subfield>
    <subfield code="h">false</subfield>
    <subfield code="e">00002</subfield>
    <subfield code="n">91Z344_d</subfield>
    <subfield code="P">20/a//</subfield>
    <subfield code="j">1-10</subfield>
    <subfield code="i">174</subfield>
    <subfield code="k">2016</subfield>
    <subfield code="M">49HBZ_UDE</subfield>
    <subfield code="s">1</subfield>
    <subfield code="d">8</subfield>
    <subfield code="V">import</subfield>
    <subfield code="F">hiermit abbestellt</subfield>
    <subfield code="b">881163-2490</subfield>
    <subfield code="a">23162705580006446</subfield>
    <subfield code="t">8</subfield>
    <subfield code="c">91 Z 344</subfield>
    <subfield code="q">Bd. 174 (2016)</subfield>
    <subfield code="W">2020-11-17 19:13:37</subfield>
    <subfield code="u">D0001</subfield>
    <subfield code="w">D0001</subfield>
  </datafield>
  <datafield tag="ITM" ind1=" " ind2=" ">
    <subfield code="H">22162705740006446</subfield>
    <subfield code="x">D30</subfield>
    <subfield code="f">ISSBD</subfield>
    <subfield code="v">D30</subfield>
    <subfield code="p">30</subfield>
    <subfield code="X">System</subfield>
    <subfield code="U">2015-03-11 10:59:00</subfield>
    <subfield code="Y">2021-04-07 16:08:17</subfield>
    <subfield code="h">false</subfield>
    <subfield code="e">00002</subfield>
    <subfield code="n">91Z344_d</subfield>
    <subfield code="P">20/a//</subfield>
    <subfield code="j">1-10</subfield>
    <subfield code="i">173</subfield>
    <subfield code="k">2015</subfield>
    <subfield code="M">49HBZ_UDE</subfield>
    <subfield code="s">1</subfield>
    <subfield code="d">8</subfield>
    <subfield code="V">import</subfield>
    <subfield code="F">ab 2015.10xJl.</subfield>
    <subfield code="b">881163-2460</subfield>
    <subfield code="a">23162705590006446</subfield>
    <subfield code="t">8</subfield>
    <subfield code="c">91 Z 344</subfield>
    <subfield code="q">Bd. 173 (2015)</subfield>
    <subfield code="W">2020-11-17 19:13:37</subfield>
    <subfield code="u">D0001</subfield>
    <subfield code="w">D0001</subfield>
  </datafield>
  <datafield tag="ITM" ind1=" " ind2=" ">
    <subfield code="H">22162705740006446</subfield>
    <subfield code="x">D30</subfield>
    <subfield code="f">ISSBD</subfield>
    <subfield code="v">D30</subfield>
    <subfield code="p">30</subfield>
    <subfield code="X">System</subfield>
    <subfield code="U">2014-02-19 10:59:00</subfield>
    <subfield code="Y">2021-04-07 16:08:17</subfield>
    <subfield code="h">false</subfield>
    <subfield code="e">00002</subfield>
    <subfield code="n">91Z344_d</subfield>
    <subfield code="P">20/a//</subfield>
    <subfield code="j">1-7; 8-11:NV</subfield>
    <subfield code="i">172</subfield>
    <subfield code="k">2014</subfield>
    <subfield code="M">49HBZ_UDE</subfield>
    <subfield code="s">1</subfield>
    <subfield code="d">8</subfield>
    <subfield code="V">import</subfield>
    <subfield code="F">Nr. 9-11 : NV*</subfield>
    <subfield code="L">(E+)#alle (f) ZsB (z.B&quot;ASM news&quot;;&quot;Testing buyers guide&quot;;&quot;ASM annual report&quot;; HTPro) -Kat.A (aber mitbd.)</subfield>
    <subfield code="b">881163-2350</subfield>
    <subfield code="a">23162705600006446</subfield>
    <subfield code="t">8</subfield>
    <subfield code="c">91 Z 344</subfield>
    <subfield code="q">Bd. 172 (2014), H. 1-8</subfield>
    <subfield code="W">2020-11-17 19:13:37</subfield>
    <subfield code="u">D0001</subfield>
    <subfield code="w">D0001</subfield>
  </datafield>
  <datafield tag="ITM" ind1=" " ind2=" ">
    <subfield code="H">22162705740006446</subfield>
    <subfield code="x">D30</subfield>
    <subfield code="f">ISSBD</subfield>
    <subfield code="v">D30</subfield>
    <subfield code="p">30</subfield>
    <subfield code="X">System</subfield>
    <subfield code="U">2013-01-24 10:59:00</subfield>
    <subfield code="Y">2021-04-07 16:08:17</subfield>
    <subfield code="h">false</subfield>
    <subfield code="e">00002</subfield>
    <subfield code="n">91Z344_d</subfield>
    <subfield code="P">20/a//</subfield>
    <subfield code="j">1-11</subfield>
    <subfield code="i">171</subfield>
    <subfield code="k">2013</subfield>
    <subfield code="M">49HBZ_UDE</subfield>
    <subfield code="s">1</subfield>
    <subfield code="d">8</subfield>
    <subfield code="V">import</subfield>
    <subfield code="F">Swets Konsolidierung31.12.12</subfield>
    <subfield code="L">(E+)#alle (f) ZsB (z.B&quot;ASM news&quot;;&quot;Testing buyers guide&quot;;&quot;ASM annual report&quot;) -Kat.A (aber mitbd.)</subfield>
    <subfield code="b">881163-2230</subfield>
    <subfield code="a">23162705610006446</subfield>
    <subfield code="t">8</subfield>
    <subfield code="c">91 Z 344</subfield>
    <subfield code="q">Bd. 171 (2013)</subfield>
    <subfield code="W">2020-11-17 19:13:37</subfield>
    <subfield code="u">D0001</subfield>
    <subfield code="w">D0001</subfield>
  </datafield>
  <datafield tag="ITM" ind1=" " ind2=" ">
    <subfield code="H">22162705740006446</subfield>
    <subfield code="x">D30</subfield>
    <subfield code="f">ISSBD</subfield>
    <subfield code="v">D30</subfield>
    <subfield code="p">30</subfield>
    <subfield code="X">System</subfield>
    <subfield code="U">2012-01-25 10:59:00</subfield>
    <subfield code="Y">2021-04-07 16:08:17</subfield>
    <subfield code="h">false</subfield>
    <subfield code="e">00002</subfield>
    <subfield code="n">91Z344_d</subfield>
    <subfield code="P">20/a//</subfield>
    <subfield code="j">1-11</subfield>
    <subfield code="i">170</subfield>
    <subfield code="k">2012</subfield>
    <subfield code="M">49HBZ_UDE</subfield>
    <subfield code="s">1</subfield>
    <subfield code="d">8</subfield>
    <subfield code="V">import</subfield>
    <subfield code="L">(E+)alle (f) ZsB (z.B&quot;ASM news&quot;;&quot;Testing buyers guide&quot;;&quot;ASM annual report&quot;) -Kat.A (aber mitbinden)#</subfield>
    <subfield code="b">881163-2110</subfield>
    <subfield code="a">23162705620006446</subfield>
    <subfield code="t">8</subfield>
    <subfield code="c">91 Z 344</subfield>
    <subfield code="q">Bd. 170 (2012)</subfield>
    <subfield code="W">2020-11-17 19:13:37</subfield>
    <subfield code="u">D0001</subfield>
    <subfield code="w">D0001</subfield>
  </datafield>
  <datafield tag="ITM" ind1=" " ind2=" ">
    <subfield code="H">22162705740006446</subfield>
    <subfield code="x">D30</subfield>
    <subfield code="f">ISSBD</subfield>
    <subfield code="v">D30</subfield>
    <subfield code="p">30</subfield>
    <subfield code="X">System</subfield>
    <subfield code="U">2011-12-27 10:59:00</subfield>
    <subfield code="Y">2021-04-07 16:08:17</subfield>
    <subfield code="h">false</subfield>
    <subfield code="e">00001</subfield>
    <subfield code="n">91Z344_d</subfield>
    <subfield code="i">130</subfield>
    <subfield code="k">1986</subfield>
    <subfield code="M">49HBZ_UDE</subfield>
    <subfield code="s">1</subfield>
    <subfield code="d">8</subfield>
    <subfield code="V">import</subfield>
    <subfield code="L">aus Essener Bestand</subfield>
    <subfield code="b">881163-1870</subfield>
    <subfield code="a">23162705640006446</subfield>
    <subfield code="t">8</subfield>
    <subfield code="c">91 Z 344</subfield>
    <subfield code="q">Bd. 130 (1986), H. 4 - 138 (1990)</subfield>
    <subfield code="W">2020-11-17 19:13:37</subfield>
    <subfield code="u">D0001</subfield>
    <subfield code="w">D0001</subfield>
  </datafield>
  <datafield tag="ITM" ind1=" " ind2=" ">
    <subfield code="H">22162705740006446</subfield>
    <subfield code="x">D30</subfield>
    <subfield code="f">ISSBD</subfield>
    <subfield code="v">D30</subfield>
    <subfield code="p">30</subfield>
    <subfield code="X">System</subfield>
    <subfield code="U">2003-02-11 10:59:00</subfield>
    <subfield code="Y">2021-04-07 16:08:18</subfield>
    <subfield code="h">false</subfield>
    <subfield code="e">00001</subfield>
    <subfield code="n">91Z344_d</subfield>
    <subfield code="i">161</subfield>
    <subfield code="k">2003</subfield>
    <subfield code="M">49HBZ_UDE</subfield>
    <subfield code="s">1</subfield>
    <subfield code="d">8</subfield>
    <subfield code="V">import</subfield>
    <subfield code="b">881163-700</subfield>
    <subfield code="a">23162705720006446</subfield>
    <subfield code="t">8</subfield>
    <subfield code="c">91 Z 344</subfield>
    <subfield code="q">Bd. 161 (2003)</subfield>
    <subfield code="W">2020-11-17 19:13:37</subfield>
    <subfield code="u">D0001</subfield>
    <subfield code="w">D0001</subfield>
  </datafield>
  <datafield tag="ITM" ind1=" " ind2=" ">
    <subfield code="H">22162705740006446</subfield>
    <subfield code="x">D30</subfield>
    <subfield code="f">ISSBD</subfield>
    <subfield code="v">D30</subfield>
    <subfield code="p">30</subfield>
    <subfield code="X">System</subfield>
    <subfield code="U">2002-04-12 10:59:00</subfield>
    <subfield code="Y">2021-04-07 16:08:17</subfield>
    <subfield code="h">false</subfield>
    <subfield code="e">00001</subfield>
    <subfield code="n">91Z344_d</subfield>
    <subfield code="i">160</subfield>
    <subfield code="k">2002</subfield>
    <subfield code="M">49HBZ_UDE</subfield>
    <subfield code="s">1</subfield>
    <subfield code="d">8</subfield>
    <subfield code="V">import</subfield>
    <subfield code="b">881163-560</subfield>
    <subfield code="a">23162705730006446</subfield>
    <subfield code="t">8</subfield>
    <subfield code="c">91 Z 344</subfield>
    <subfield code="q">Bd. 160 (2002)</subfield>
    <subfield code="W">2020-11-17 19:13:37</subfield>
    <subfield code="u">D0001</subfield>
    <subfield code="w">D0001</subfield>
  </datafield>
  <datafield tag="ITM" ind1=" " ind2=" ">
    <subfield code="H">22162705740006446</subfield>
    <subfield code="x">D30</subfield>
    <subfield code="f">ISSBD</subfield>
    <subfield code="v">D30</subfield>
    <subfield code="p">30</subfield>
    <subfield code="X">System</subfield>
    <subfield code="U">2010-01-25 10:59:00</subfield>
    <subfield code="Y">2021-04-07 16:08:17</subfield>
    <subfield code="h">false</subfield>
    <subfield code="e">00002</subfield>
    <subfield code="n">91Z344_d</subfield>
    <subfield code="P">20/a//</subfield>
    <subfield code="j">1-11= Jan-Nov/Dez</subfield>
    <subfield code="i">168</subfield>
    <subfield code="k">2010</subfield>
    <subfield code="M">49HBZ_UDE</subfield>
    <subfield code="s">1</subfield>
    <subfield code="d">8</subfield>
    <subfield code="V">import</subfield>
    <subfield code="L">(E+)alle (f) ZsB (z.B&quot;ASM news&quot;;&quot;Testing buyers guide&quot;;&quot;ASM annual report&quot;) -Kat.A (aber mitbinden)#</subfield>
    <subfield code="b">881163-1860</subfield>
    <subfield code="a">23162705650006446</subfield>
    <subfield code="t">8</subfield>
    <subfield code="c">91 Z 344</subfield>
    <subfield code="q">Bd. 168 (2010)</subfield>
    <subfield code="W">2020-11-17 19:13:37</subfield>
    <subfield code="u">D0001</subfield>
    <subfield code="w">D0001</subfield>
  </datafield>
  <datafield tag="ITM" ind1=" " ind2=" ">
    <subfield code="H">22162705740006446</subfield>
    <subfield code="x">D30</subfield>
    <subfield code="f">ISSBD</subfield>
    <subfield code="v">D30</subfield>
    <subfield code="p">30</subfield>
    <subfield code="X">System</subfield>
    <subfield code="U">2011-01-25 10:59:00</subfield>
    <subfield code="Y">2021-04-07 16:08:17</subfield>
    <subfield code="h">false</subfield>
    <subfield code="e">00002</subfield>
    <subfield code="n">91Z344_d</subfield>
    <subfield code="P">20/a//</subfield>
    <subfield code="j">1-11</subfield>
    <subfield code="i">169</subfield>
    <subfield code="k">2011</subfield>
    <subfield code="M">49HBZ_UDE</subfield>
    <subfield code="s">1</subfield>
    <subfield code="d">8</subfield>
    <subfield code="V">import</subfield>
    <subfield code="L">(E+)alle (f) ZsB (z.B&quot;ASM news&quot;;&quot;Testing buyers guide&quot;;&quot;ASM annual report&quot;) -Kat.A (aber mitbinden)#</subfield>
    <subfield code="b">881163-1990</subfield>
    <subfield code="a">23162705630006446</subfield>
    <subfield code="t">8</subfield>
    <subfield code="c">91 Z 344</subfield>
    <subfield code="q">Bd. 169 (2011)</subfield>
    <subfield code="W">2020-11-17 19:13:37</subfield>
    <subfield code="u">D0001</subfield>
    <subfield code="w">D0001</subfield>
  </datafield>
  <datafield tag="ITM" ind1=" " ind2=" ">
    <subfield code="H">22162705740006446</subfield>
    <subfield code="x">D30</subfield>
    <subfield code="f">ISSBD</subfield>
    <subfield code="v">D30</subfield>
    <subfield code="p">30</subfield>
    <subfield code="X">System</subfield>
    <subfield code="U">2009-01-27 10:59:00</subfield>
    <subfield code="Y">2021-04-07 16:08:18</subfield>
    <subfield code="h">false</subfield>
    <subfield code="e">00002</subfield>
    <subfield code="n">91Z344_d</subfield>
    <subfield code="P">20/a//</subfield>
    <subfield code="j">1-11/12</subfield>
    <subfield code="i">167</subfield>
    <subfield code="k">2009</subfield>
    <subfield code="M">49HBZ_UDE</subfield>
    <subfield code="s">1</subfield>
    <subfield code="d">8</subfield>
    <subfield code="V">import</subfield>
    <subfield code="L">(E+)alle (f) ZsB (z.B&quot;ASM news&quot;;&quot;Testing buyers guide&quot;;&quot;ASM annual report&quot;) -Kat.A (aber mitbinden)#</subfield>
    <subfield code="b">881163-1730</subfield>
    <subfield code="a">23162705660006446</subfield>
    <subfield code="t">8</subfield>
    <subfield code="c">91 Z 344</subfield>
    <subfield code="q">Bd. 167 (2009)</subfield>
    <subfield code="W">2020-11-17 19:13:37</subfield>
    <subfield code="u">D0001</subfield>
    <subfield code="w">D0001</subfield>
  </datafield>
  <datafield tag="ITM" ind1=" " ind2=" ">
    <subfield code="H">22162705740006446</subfield>
    <subfield code="x">D30</subfield>
    <subfield code="f">ISSBD</subfield>
    <subfield code="v">D30</subfield>
    <subfield code="p">30</subfield>
    <subfield code="X">System</subfield>
    <subfield code="U">2006-01-30 10:59:00</subfield>
    <subfield code="Y">2021-04-07 16:08:19</subfield>
    <subfield code="h">false</subfield>
    <subfield code="e">00002</subfield>
    <subfield code="n">91Z344_d</subfield>
    <subfield code="P">20/a//</subfield>
    <subfield code="j">1-12</subfield>
    <subfield code="i">164</subfield>
    <subfield code="k">2006</subfield>
    <subfield code="M">49HBZ_UDE</subfield>
    <subfield code="s">1</subfield>
    <subfield code="d">8</subfield>
    <subfield code="V">import</subfield>
    <subfield code="F">+R=RG(Kopie)</subfield>
    <subfield code="L">alle (f) ZsB (z.B&quot;ASM news&quot;;&quot;Testing buyers guide&quot;;&quot;ASM annual report&quot;) -Kat.A (aber mitbinden)#</subfield>
    <subfield code="b">881163-1200</subfield>
    <subfield code="a">23162705690006446</subfield>
    <subfield code="t">8</subfield>
    <subfield code="c">91 Z 344</subfield>
    <subfield code="q">Bd. 164 (2006)</subfield>
    <subfield code="W">2020-11-17 19:13:37</subfield>
    <subfield code="u">D0001</subfield>
    <subfield code="w">D0001</subfield>
  </datafield>
  <datafield tag="ITM" ind1=" " ind2=" ">
    <subfield code="H">22162705740006446</subfield>
    <subfield code="x">D30</subfield>
    <subfield code="f">ISSBD</subfield>
    <subfield code="v">D30</subfield>
    <subfield code="p">30</subfield>
    <subfield code="X">System</subfield>
    <subfield code="U">2004-02-03 10:59:00</subfield>
    <subfield code="Y">2021-04-07 16:08:19</subfield>
    <subfield code="h">false</subfield>
    <subfield code="e">00001</subfield>
    <subfield code="n">91Z344_d</subfield>
    <subfield code="P">20/a//</subfield>
    <subfield code="i">162</subfield>
    <subfield code="k">2004</subfield>
    <subfield code="M">49HBZ_UDE</subfield>
    <subfield code="s">1</subfield>
    <subfield code="d">8</subfield>
    <subfield code="V">import</subfield>
    <subfield code="F">+R-2003 (Kop.)=RG</subfield>
    <subfield code="b">881163-820</subfield>
    <subfield code="a">23162705710006446</subfield>
    <subfield code="t">8</subfield>
    <subfield code="c">91 Z 344</subfield>
    <subfield code="q">Bd. 162 (2004)</subfield>
    <subfield code="W">2020-11-17 19:13:37</subfield>
    <subfield code="u">D0001</subfield>
    <subfield code="w">D0001</subfield>
  </datafield>
  <datafield tag="ITM" ind1=" " ind2=" ">
    <subfield code="H">22162705740006446</subfield>
    <subfield code="x">D30</subfield>
    <subfield code="f">ISSBD</subfield>
    <subfield code="v">D30</subfield>
    <subfield code="p">30</subfield>
    <subfield code="X">System</subfield>
    <subfield code="U">2005-02-01 10:59:00</subfield>
    <subfield code="Y">2021-04-07 16:08:17</subfield>
    <subfield code="h">false</subfield>
    <subfield code="e">00001</subfield>
    <subfield code="n">91Z344_d</subfield>
    <subfield code="P">20/a//</subfield>
    <subfield code="j">1-12</subfield>
    <subfield code="i">163</subfield>
    <subfield code="k">2005</subfield>
    <subfield code="M">49HBZ_UDE</subfield>
    <subfield code="s">1</subfield>
    <subfield code="d">8</subfield>
    <subfield code="V">import</subfield>
    <subfield code="F">+R(Kopie)=RG +CD-R</subfield>
    <subfield code="L">alle ZsBf (z.B&quot;Internet directory&quot;;&quot;Testing buyers guide&quot;;&quot;ASM:Annual report&quot;) -A (aber mitbinden)##</subfield>
    <subfield code="b">881163-1050</subfield>
    <subfield code="a">23162705700006446</subfield>
    <subfield code="t">8</subfield>
    <subfield code="c">91 Z 344</subfield>
    <subfield code="q">Bd. 163 (2005)</subfield>
    <subfield code="W">2020-11-17 19:13:37</subfield>
    <subfield code="u">D0001</subfield>
    <subfield code="w">D0001</subfield>
  </datafield>
  <datafield tag="GST" ind1=" " ind2=" ">
    <subfield code="a">Periodikum</subfield>
    <subfield code="A">GND</subfield>
    <subfield code="B">GND-040674886</subfield>
    <subfield code="C">450</subfield>
  </datafield>
  <datafield tag="GST" ind1=" " ind2=" ">
    <subfield code="a">Zeitschriften</subfield>
    <subfield code="A">GND</subfield>
    <subfield code="B">GND-040674886</subfield>
    <subfield code="C">450</subfield>
  </datafield>
  <datafield tag="GSI" ind1="7" ind2=" ">
    <subfield code="a">http://d-nb.info/gnd/4067488-5</subfield>
    <subfield code="2">uri</subfield>
    <subfield code="A">GND</subfield>
    <subfield code="B">GND-040674886</subfield>
    <subfield code="C">024</subfield>
  </datafield>
  <datafield tag="GST" ind1=" " ind2=" ">
    <subfield code="a">Metalle</subfield>
    <subfield code="A">GND</subfield>
    <subfield code="B">GND-040388603</subfield>
    <subfield code="C">450</subfield>
  </datafield>
  <datafield tag="GSI" ind1="7" ind2=" ">
    <subfield code="a">http://d-nb.info/gnd/4038860-8</subfield>
    <subfield code="2">uri</subfield>
    <subfield code="A">GND</subfield>
    <subfield code="B">GND-040388603</subfield>
    <subfield code="C">024</subfield>
  </datafield>
  <datafield tag="GST" ind1=" " ind2=" ">
    <subfield code="a">Periodikum</subfield>
    <subfield code="A">GND</subfield>
    <subfield code="B">GND-040674886</subfield>
    <subfield code="C">450</subfield>
  </datafield>
  <datafield tag="GST" ind1=" " ind2=" ">
    <subfield code="a">Zeitschriften</subfield>
    <subfield code="A">GND</subfield>
    <subfield code="B">GND-040674886</subfield>
    <subfield code="C">450</subfield>
  </datafield>
  <datafield tag="GSI" ind1="7" ind2=" ">
    <subfield code="a">http://d-nb.info/gnd/4067488-5</subfield>
    <subfield code="2">uri</subfield>
    <subfield code="A">GND</subfield>
    <subfield code="B">GND-040674886</subfield>
    <subfield code="C">024</subfield>
  </datafield>
  <datafield tag="GST" ind1=" " ind2=" ">
    <subfield code="a">Advanced materials</subfield>
    <subfield code="A">GND</subfield>
    <subfield code="B">GND-043122507</subfield>
    <subfield code="C">450</subfield>
  </datafield>
  <datafield tag="GST" ind1=" " ind2=" ">
    <subfield code="a">Advanced material</subfield>
    <subfield code="A">GND</subfield>
    <subfield code="B">GND-043122507</subfield>
    <subfield code="C">450</subfield>
  </datafield>
  <datafield tag="GST" ind1=" " ind2=" ">
    <subfield code="a">High-tech-Werkstoff</subfield>
    <subfield code="A">GND</subfield>
    <subfield code="B">GND-043122507</subfield>
    <subfield code="C">450</subfield>
  </datafield>
  <datafield tag="GSI" ind1="7" ind2=" ">
    <subfield code="a">http://d-nb.info/gnd/4312250-4</subfield>
    <subfield code="2">uri</subfield>
    <subfield code="A">GND</subfield>
    <subfield code="B">GND-043122507</subfield>
    <subfield code="C">024</subfield>
  </datafield>
  <datafield tag="GKT" ind1="2" ind2=" ">
    <subfield code="a">Materials Information Society</subfield>
    <subfield code="A">GND</subfield>
    <subfield code="B">GND-05013969X</subfield>
    <subfield code="C">410</subfield>
  </datafield>
  <datafield tag="GKT" ind1="2" ind2=" ">
    <subfield code="a">American Society of Metals International</subfield>
    <subfield code="A">GND</subfield>
    <subfield code="B">GND-05013969X</subfield>
    <subfield code="C">410</subfield>
  </datafield>
  <datafield tag="GKT" ind1="2" ind2=" ">
    <subfield code="a">American Society for Metals International</subfield>
    <subfield code="A">GND</subfield>
    <subfield code="B">GND-05013969X</subfield>
    <subfield code="C">410</subfield>
  </datafield>
  <datafield tag="GKT" ind1="2" ind2=" ">
    <subfield code="a">ASM</subfield>
    <subfield code="g">ASM International</subfield>
    <subfield code="4">abku</subfield>
    <subfield code="4">http://d-nb.info/standards/elementset/gnd#abbreviatedNameForTheCorporateBody</subfield>
    <subfield code="w">r</subfield>
    <subfield code="i">Abkuerzung</subfield>
    <subfield code="e">Abkuerzung</subfield>
    <subfield code="A">GND</subfield>
    <subfield code="B">GND-05013969X</subfield>
    <subfield code="C">410</subfield>
  </datafield>
  <datafield tag="GKT" ind1="2" ind2=" ">
    <subfield code="a">A.S.M.</subfield>
    <subfield code="g">ASM International</subfield>
    <subfield code="4">abku</subfield>
    <subfield code="4">http://d-nb.info/standards/elementset/gnd#abbreviatedNameForTheCorporateBody</subfield>
    <subfield code="w">r</subfield>
    <subfield code="i">Abkuerzung</subfield>
    <subfield code="e">Abkuerzung</subfield>
    <subfield code="A">GND</subfield>
    <subfield code="B">GND-05013969X</subfield>
    <subfield code="C">410</subfield>
  </datafield>
  <datafield tag="GSI" ind1="7" ind2=" ">
    <subfield code="a">http://d-nb.info/gnd/5013969-1</subfield>
    <subfield code="2">uri</subfield>
    <subfield code="A">GND</subfield>
    <subfield code="B">GND-05013969X</subfield>
    <subfield code="C">024</subfield>
  </datafield>
</record>